@article{linial1992locality,
  title={Locality in distributed graph algorithms},
  author={Linial, Nathan},
  journal={SIAM Journal on Computing},
  volume={21},
  number={1},
  pages={193--201},
  year={1992},
  publisher={SIAM}
}

@article{barenboim2016locality,
  title={The locality of distributed symmetry breaking},
  author={Barenboim, Leonid and Elkin, Michael and Pettie, Seth and Schneider, Johannes},
  journal={Journal of the ACM (JACM)},
  volume={63},
  number={3},
  pages={20},
  year={2016},
  publisher={ACM}
}

@inproceedings{panconesi1992improved,
  title={Improved distributed algorithms for coloring and network decomposition problems},
  author={Panconesi, Alessandro and Srinivasan, Aravind},
  booktitle={Proceedings of the twenty-fourth annual ACM symposium on Theory of computing},
  pages={581--592},
  year={1992},
  organization={ACM}
}

@article{basagni2001finding,
  title={Finding a maximal weighted independent set in wireless networks},
  author={Basagni, Stefano},
  journal={Telecommunication Systems},
  volume={18},
  number={1},
  pages={155--168},
  year={2001},
  publisher={Springer}
}

@book{attiya2004distributed,
  title={Distributed computing: fundamentals, simulations, and advanced topics},
  author={Attiya, Hagit and Welch, Jennifer},
  volume={19},
  year={2004},
  publisher={John Wiley \& Sons}
}

@article{awerbuch1985complexity,
  title={Complexity of network synchronization},
  author={Awerbuch, Baruch},
  journal={Journal of the ACM (JACM)},
  volume={32},
  number={4},
  pages={804--823},
  year={1985},
  publisher={ACM}
}

@article{luby1986simple,
  title={A simple parallel algorithm for the maximal independent set problem},
  author={Luby, Michael},
  journal={SIAM journal on computing},
  volume={15},
  number={4},
  pages={1036--1053},
  year={1986},
  publisher={SIAM}
}

@inproceedings{yves2009optimal,
  title={An optimal bit complexity randomized distributed MIS algorithm},
  author={Yves, M{\'e}tivier and Robson, John Michael and Nasser, Saheb-Djahromi and Zemmari, Akka},
  booktitle={International Colloquium on Structural Information and Communication Complexity},
  pages={323--337},
  year={2009},
  organization={Springer}
}

@article{alon1986fast,
  title={A fast and simple randomized parallel algorithm for the maximal independent set problem},
  author={Alon, Noga and Babai, L{\'a}szl{\'o} and Itai, Alon},
  journal={Journal of algorithms},
  volume={7},
  number={4},
  pages={567--583},
  year={1986},
  publisher={Elsevier}
}

@article{panconesi1996complexity,
  title={On the complexity of distributed network decomposition},
  author={Panconesi, Alessandro and Srinivasan, Aravind},
  journal={Journal of Algorithms},
  volume={20},
  number={2},
  pages={356--374},
  year={1996},
  publisher={Elsevier}
}

@article{barenboim2010sublogarithmic,
  title={Sublogarithmic distributed MIS algorithm for sparse graphs using Nash-Williams decomposition},
  author={Barenboim, Leonid and Elkin, Michael},
  journal={Distributed Computing},
  volume={22},
  number={5-6},
  pages={363--379},
  year={2010},
  publisher={Springer}
}

@inproceedings{johnson1985symmetry,
  title={Symmetry and similarity in distributed systems},
  author={Johnson, Ralph E and Schneider, Fred B},
  booktitle={Proceedings of the fourth annual ACM symposium on Principles of distributed computing},
  pages={13--22},
  year={1985},
  organization={ACM}
}

@techreport{gallager1982distributed,
  title={Distributed minimum hop algorithms},
  author={Gallager, Robert G},
  year={1982},
  institution={MASSACHUSETTS INST OF TECH CAMBRIDGE LAB FOR INFORMATION AND DECISION SYSTEMS}
}

@article{welch1987simulating,
  title={Simulating synchronous processors},
  author={Welch, Jennifer Lundelius},
  journal={Information and Computation},
  volume={74},
  number={2},
  pages={159--171},
  year={1987},
  publisher={Elsevier}
}

@article{neiger1993simulating,
  title={Simulating synchronized clocks and common knowledge in distributed systems},
  author={Neiger, Gil and Toueg, Sam},
  journal={Journal of the ACM (JACM)},
  volume={40},
  number={2},
  pages={334--367},
  year={1993},
  publisher={ACM}
}

@article{peleg1989optimal,
  title={An optimal synchronizer for the hypercube},
  author={Peleg, David and Ullman, Jeffrey D},
  journal={SIAM Journal on computing},
  volume={18},
  number={4},
  pages={740--747},
  year={1989},
  publisher={SIAM}
}

@inproceedings{angluin1980local,
  title={Local and global properties in networks of processors},
  author={Angluin, Dana},
  booktitle={Proceedings of the twelfth annual ACM symposium on Theory of computing},
  pages={82--93},
  year={1980},
  organization={ACM}
}

@article{afek2013beeping,
  title={Beeping a maximal independent set},
  author={Afek, Yehuda and Alon, Noga and Bar-Joseph, Ziv and Cornejo, Alejandro and Haeupler, Bernhard and Kuhn, Fabian},
  journal={Distributed computing},
  volume={26},
  number={4},
  pages={195--208},
  year={2013},
  publisher={Springer}
}

@inproceedings{boldi1996symmetry,
  title={Symmetry Breaking in Anonymous Networks: Characterizations.},
  author={Boldi, Paolo and Shammah, Shella and Vigna, Sebastiano and Codenotti, Bruno and Gemmell, Peter and Simon, Janos},
  booktitle={ISTCS},
  pages={16--26},
  year={1996}
}

@article{karp1986constructing,
  title={Constructing a perfect matching is in random NC},
  author={Karp, Richard M and Upfal, Eli and Wigderson, Avi},
  journal={Combinatorica},
  volume={6},
  number={1},
  pages={35--48},
  year={1986},
  publisher={Springer}
}


@article{segall1983distributed,
  title={Distributed network protocols},
  author={Segall, Adrian},
  journal={IEEE transactions on Information Theory},
  volume={29},
  number={1},
  pages={23--35},
  year={1983},
  publisher={IEEE}
}